@misc{sabic:github:beamerthemefhtw,
  author       = {{Alija Sabic, MSc.}},
  title        = {{Beamer Theme FHTW}},
  howpublished = {\href{https://github.com/sabicalija/beamerthemefhtw}{https://github.com/sabicalija/beamerthemefhtw}},
  month        = sep,
  year         = 2022,
  publisher    = {{GitHub Inc.}}
}

@misc{aigner:rapid-prototyping,
  author    = {{Benjamin Aigner, MSc.}},
  title     = {{Rapid Prototyping}},
  month     = jul,
  year      = 2022,
  publisher = {{Benjamin Aigner}},
  url       = {\url{https://moodle.technikum-wien.at/pluginfile.php/1706207/mod_resource/content/1/slides_rapid-prototyping.pdf}}
}

@book{fasterman:2012,
  title     = {{3D-Druck/Rapid Prototyping}},
  author    = {Fastermann, Petra},
  publisher = {Springer},
  series    = {X.Media.Press},
  edition   = 2012,
  month     = aug,
  year      = 2012,
  address   = {Berlin, Germany},
  language  = {de},
  isbn      = {978-3-642-29225-5},
  url       = {https://link.springer.com/book/10.1007/978-3-642-29225-5}
}

 @misc{benchoff:2014:1,
  title   = {{3D printering: Making a thing in Freecad, part I}},
  url     = {https://hackaday.com/2014/02/05/3d-printering-making-a-thing-in-freecad-part-i/},
  journal = {Hackaday},
  author  = {Benchoff, Brian},
  year    = 2014,
  month   = feb
}

 @misc{benchoff:2014:2,
  title   = {{3D printering: Making a thing in Freecad, part II}},
  url     = {https://hackaday.com/2014/02/15/3d-printering-making-a-thing-in-freecad-part-ii/},
  journal = {Hackaday},
  author  = {Benchoff, Brian},
  year    = 2014,
  month   = feb
}

 @misc{hubs,
  title     = {{3D Hubs - Knowledge base}},
  url       = {https://www.hubs.com/knowledge-base/},
  author    = {Hubs},
  publisher = {Hubs}
} 